@misc{cryptoeprint:2023/026,
      author = {Hanno Böck},
      title = {Fermat Factorization in the Wild},
      howpublished = {Cryptology ePrint Archive, Paper 2023/026},
      year = {2023},
      note = {\url{https://eprint.iacr.org/2023/026}},
      url = {https://eprint.iacr.org/2023/026}
}

@book{draz:2022,
      author = {K Δραζιώτης},
      title = {Εισαγωγή στην Κρυπτογραφία},
      year = {2022},
      publisher={Κάλλιπος, Ανοικτές Ακαδημαϊκές Εκδόσεις},
      note = {\url{https://dx.doi.org/10.57713/kallipos-17}},
      url = {https://dx.doi.org/10.57713/kallipos-17}
}